@book{bringhurst1996ets,
  title={{The Elements of Typographic Style}},
  author={Bringhurst, Robert},
  year={1996},
  publisher={Hartley \& Marks}
}


@article{blasius2022efficiently,
  title={Efficiently generating geometric inhomogeneous and hyperbolic random graphs},
  author={Bl{\"a}sius, Thomas and Friedrich, Tobias and Katzmann, Maximilian and Meyer, Ulrich and Penschuck, Manuel and Weyand, Christopher},
  journal={Network Science},
  volume={10},
  number={4},
  pages={361--380},
  year={2022},
  publisher={Cambridge University Press}
}

@article{bringmann2016average,
  title={Average distance in a general class of scale-free networks with underlying geometry},
  author={Bringmann, Karl and Keusch, Ralph and Lengler, Johannes},
  journal={arXiv preprint arXiv:1602.05712},
  year={2016}
}

@article{bringmann2019geometric,
  title={Geometric inhomogeneous random graphs},
  author={Bringmann, Karl and Keusch, Ralph and Lengler, Johannes},
  journal={Theoretical Computer Science},
  volume={760},
  pages={35--54},
  year={2019},
  publisher={Elsevier}
}

@inproceedings{blasius2018towards,
  title={Towards a systematic evaluation of generative network models},
  author={Bl{\"a}sius, Thomas and Friedrich, Tobias and Katzmann, Maximilian and Krohmer, Anton and Striebel, Jonathan},
  booktitle={Algorithms and Models for the Web Graph: 15th International Workshop, WAW 2018, Moscow, Russia, May 17-18, 2018, Proceedings 15},
  pages={99--114},
  year={2018},
  organization={Springer}
}

@article{garcia2019mercator,
  title={Mercator: uncovering faithful hyperbolic embeddings of complex networks},
  author={Garc{\'\i}a-P{\'e}rez, Guillermo and Allard, Antoine and Serrano, M {\'A}ngeles and Bogu{\~n}{\'a}, Mari{\'a}n},
  journal={New Journal of Physics},
  volume={21},
  number={12},
  pages={123033},
  year={2019},
  publisher={IOP Publishing}
}

@article{belkin2001laplacian,
  title={Laplacian eigenmaps and spectral techniques for embedding and clustering},
  author={Belkin, Mikhail and Niyogi, Partha},
  journal={Advances in neural information processing systems},
  volume={14},
  year={2001}
}